<collection xmlns="http://www.loc.gov/MARC21/slim">
<record>
  <leader>01944nam0a22003611i 450 </leader>
  <controlfield tag="001">IT\ICCU\CNCE\046179</controlfield>
  <controlfield tag="005">20010606000000.0</controlfield>
  <datafield tag="012" ind1=" " ind2=" ">
    <subfield code="a">o,i, s,*, *,is PhAD (C) 1559 (A)</subfield>
    <subfield code="2">fei</subfield>
  </datafield>
  <datafield tag="100" ind1=" " ind2=" ">
    <subfield code="a">19990128d1559        0itac0103    ba</subfield>
  </datafield>
  <datafield tag="101" ind1=" " ind2=" ">
    <subfield code="a">LAT</subfield>
  </datafield>
  <datafield tag="102" ind1=" " ind2=" ">
    <subfield code="a">IT</subfield>
  </datafield>
  <datafield tag="200" ind1="1" ind2=" ">
    <subfield code="a">℗Iani Pannonii deinde episcopi quinquecclesiarum facti, illius cum omni antiquitate uatis comparandi, ℗lusus quidam, et epigrammata, nunc primum inuenta, et excussa. Opera Ioannis Sambuci, Tirnauiensis Pannonii</subfield>
  </datafield>
  <datafield tag="210" ind1=" " ind2=" ">
    <subfield code="a">Patauii</subfield>
    <subfield code="c">\Grazioso Percacino!</subfield>
    <subfield code="d">1559</subfield>
  </datafield>
  <datafield tag="215" ind1=" " ind2=" ">
    <subfield code="a">\32! c.</subfield>
    <subfield code="d">8ʻ</subfield>
  </datafield>
  <datafield tag="620" ind1=" " ind2=" ">
    <subfield code="a">IT</subfield>
    <subfield code="d">Padova</subfield>
  </datafield>
  <datafield tag="700" ind1=" " ind2="0">
    <subfield code="a">Ianus</subfield>
    <subfield code="c"> : Pannonius</subfield>
    <subfield code="3">IT\ICCU\CNCA\009518</subfield>
  </datafield>
  <datafield tag="702" ind1=" " ind2="1">
    <subfield code="a">Zsm̀boki,</subfield>
    <subfield code="b">Jǹos</subfield>
    <subfield code="3">IT\ICCU\CNCA\009705</subfield>
  </datafield>
  <datafield tag="712" ind1="0" ind2="0">
    <subfield code="a">Percacino, Grazioso</subfield>
    <subfield code="3">IT\ICCU\CNCT\000435</subfield>
    <subfield code="4">650</subfield>
  </datafield>
  <datafield tag="790" ind1=" " ind2="0">
    <subfield code="a">Jean</subfield>
    <subfield code="c"> : de#Cisinge</subfield>
    <subfield code="3">IT\ICCU\CNCA\009519</subfield>
    <subfield code="z">Ianus : Pannonius</subfield>
  </datafield>
  <datafield tag="790" ind1=" " ind2="0">
    <subfield code="a">Giano</subfield>
    <subfield code="c"> : Pannonio</subfield>
    <subfield code="3">IT\ICCU\CNCA\016125</subfield>
    <subfield code="z">Ianus : Pannonius</subfield>
  </datafield>
  <datafield tag="790" ind1=" " ind2="1">
    <subfield code="a">Csezmiczei,</subfield>
    <subfield code="b">Janos</subfield>
    <subfield code="3">IT\ICCU\CNCA\016148</subfield>
    <subfield code="z">Ianus : Pannonius</subfield>
  </datafield>
  <datafield tag="790" ind1=" " ind2="0">
    <subfield code="a">Janus</subfield>
    <subfield code="c"> : Pannonius</subfield>
    <subfield code="3">IT\ICCU\CNCA\020031</subfield>
    <subfield code="z">Ianus : Pannonius</subfield>
  </datafield>
  <datafield tag="790" ind1=" " ind2="0">
    <subfield code="a">Ianos</subfield>
    <subfield code="c"> : Pannonios</subfield>
    <subfield code="3">IT\ICCU\CNCA\020032</subfield>
    <subfield code="z">Ianus : Pannonius</subfield>
  </datafield>
  <datafield tag="790" ind1=" " ind2="0">
    <subfield code="a">Ioannes</subfield>
    <subfield code="c"> : Pannonius</subfield>
    <subfield code="3">IT\ICCU\CNCA\020388</subfield>
    <subfield code="z">Ianus : Pannonius</subfield>
  </datafield>
  <datafield tag="790" ind1=" " ind2="1">
    <subfield code="a">Sambucus,</subfield>
    <subfield code="b">Joannes</subfield>
    <subfield code="3">IT\ICCU\CNCA\023833</subfield>
    <subfield code="z">Zsm̀boki, Jǹos</subfield>
  </datafield>
  <datafield tag="791" ind1="0" ind2="0">
    <subfield code="a">Perchacinus, Gratiosus</subfield>
    <subfield code="3">IT\ICCU\CNCT\002488</subfield>
    <subfield code="z">Percacino, Grazioso</subfield>
  </datafield>
  <datafield tag="791" ind1="0" ind2="0">
    <subfield code="a">Perchacino, Gratioso</subfield>
    <subfield code="3">IT\ICCU\CNCT\005369</subfield>
    <subfield code="z">Percacino, Grazioso</subfield>
  </datafield>
  <datafield tag="791" ind1="0" ind2="0">
    <subfield code="a">Percaccino, Gratioso</subfield>
    <subfield code="3">IT\ICCU\CNCT\005370</subfield>
    <subfield code="z">Percacino, Grazioso</subfield>
  </datafield>
  <datafield tag="801" ind1=" " ind2="3">
    <subfield code="a">IT</subfield>
    <subfield code="b">ICCU</subfield>
    <subfield code="c">20201114</subfield>
  </datafield>
  <datafield tag="899" ind1=" " ind2=" ">
    <subfield code="a">Biblioteca comunale Teresiana. Mantova</subfield>
    <subfield code="1">MN0035</subfield>
    <subfield code="2">LO1 12</subfield>
  </datafield>
  <datafield tag="899" ind1=" " ind2=" ">
    <subfield code="a">Biblioteca nazionale Marciana. Venezia</subfield>
    <subfield code="1">VE0049</subfield>
    <subfield code="2">VEA BM</subfield>
  </datafield>
  <datafield tag="911" ind1=" " ind2=" ">
    <subfield code="a">sul front.</subfield>
    <subfield code="9">IT\ICCU\CNCM\000298</subfield>
  </datafield>
  <datafield tag="921" ind1=" " ind2=" ">
    <subfield code="a">IT\ICCU\CNCM\000298</subfield>
    <subfield code="b">Minerva tende il braccio destro verso un olivo e tiene con la sinistra lo scudo.</subfield>
    <subfield code="e">Oliva Minervae</subfield>
    <subfield code="c">V154</subfield>
    <subfield code="d">Dimensioni: 4,3 x 4,5</subfield>
    <subfield code="f">MINERVA</subfield>
    <subfield code="f">OLIVAMINER</subfield>
    <subfield code="f">OLIVO</subfield>
    <subfield code="f">SCUDO</subfield>
    <subfield code="g">1556-1559</subfield>
  </datafield>
</record>
</collection>
